@article{AlgoritmicTradeReview,
author = {Philip Treleaven, Michael Galas and Vidhi Lalchand},
title = {Algorithmic Trade Review},
journal = {Communications of the ACM},
year = 2013,
volume = 56,
number = 11,
pages = {76 - 85},
month = {November}
}

@online{FTNNInvest,
title = {Investor rush to artificial intelligence is real},
date = {January 4, 2015},
url = {http://www.ft.com/cms/s/2/019b3702-92a2-11e4-a1fd-00144feabdc0.html#axzz3St427BVm},
OPTorganization = {The Financial Times},
OPTurldate = {26.2.2015},
}

@report{StanfordNNReport,
author = {Enzo Busseti, Ian Osband and Scott Wong},
title = {Deep Learning for Time Series Modeling},
type = {Final Project Report},
institution = {Stanford},
date = {December 14th, 2012},
url = {http://cs229.stanford.edu/proj2012/BussetiOsbandWong-DeepLearningForTimeSeriesModeling.pdf},
OPTurldate = {26.2.2015},
}

@article{BoltzmannBasics,
author = {Geoffrey E. Hinton and Ruslan R. Salakhutdinov},
title = {A Better Way to Pretrain Deep Boltzmann Machines},
journal = {Advances in Neural Information Processing Systems},
year = 2012,
volume = 25,
}
